<?xml version="1.0" encoding="UTF-8"?>
<collection xmlns:xsi="http://www.w3.org/2001/XMLSchema-instance" xsi:schemaLocation="http://www.loc.gov/MARC21/slim http://www.loc.gov/standards/marcxml/schema/MARC21slim.xsd" xmlns="http://www.loc.gov/MARC21/slim">
<record>
  <leader>01286mam a2200277ua 4500</leader>
  <controlfield tag="001">3369611</controlfield>
  <controlfield tag="003">NNC</controlfield>
  <controlfield tag="005">20030429150456.0</controlfield>
  <controlfield tag="008">980709m19571959iq       c    000 0 arard</controlfield>
  <datafield tag="035" ind1=" " ind2=" ">
    <subfield code="a">(OCoLC)ocm39835018</subfield>
  </datafield>
  <datafield tag="035" ind1=" " ind2=" ">
    <subfield code="9">AVD4496CU</subfield>
  </datafield>
  <datafield tag="040" ind1=" " ind2=" ">
    <subfield code="a">PUL</subfield>
    <subfield code="c">PUL</subfield>
  </datafield>
  <datafield tag="043" ind1=" " ind2=" ">
    <subfield code="a">a-iq---</subfield>
  </datafield>
  <datafield tag="050" ind1=" " ind2="4">
    <subfield code="a">Z6605.A6</subfield>
    <subfield code="b">A85 1957</subfield>
  </datafield>
  <datafield tag="100" ind1="1" ind2=" ">
    <subfield code="a">ʻAwwād, Kūrkīs.</subfield>
  </datafield>
  <datafield tag="245" ind1="1" ind2="3">
    <subfield code="a">al-Makhṭūṭāt al-tārīkhīyah fī khizānat kutub al-Matḥaf al-ʻIrāqī bi-Baghdād /</subfield>
    <subfield code="c">bi-qalam Kūrkīs ʻAwwād.</subfield>
  </datafield>
  <datafield tag="246" ind1="1" ind2="5">
    <subfield code="a">Historical manuscripts in the Iraq Museum Library</subfield>
  </datafield>
  <datafield tag="246" ind1="1" ind2=" ">
    <subfield code="i">Title from v. 2-3, t.p.:</subfield>
    <subfield code="a">Makhṭūṭāb al-ʻArabīyah fī Maktabat al-Matḥaf al-ʻIrāqī bi-Baghdād</subfield>
  </datafield>
  <datafield tag="246" ind1="1" ind2=" ">
    <subfield code="i">Title from v. 2-3 added t.p.:</subfield>
    <subfield code="a">Catalogue of the Arabic manuscripts in the Iraq Museum Library</subfield>
  </datafield>
  <datafield tag="260" ind1=" " ind2=" ">
    <subfield code="a">Baghdād :</subfield>
    <subfield code="b">Maṭbaʻat al-Rābiṭah,</subfield>
    <subfield code="c">1957-1959.</subfield>
  </datafield>
  <datafield tag="300" ind1=" " ind2=" ">
    <subfield code="a">3 v. ;</subfield>
    <subfield code="c">28 cm.</subfield>
  </datafield>
  <datafield tag="500" ind1=" " ind2=" ">
    <subfield code="a">Reprinted from vols. 13 (1957), 14 (1958), and 15 (1959) respectively of majallad "Sumar".</subfield>
  </datafield>
  <datafield tag="505" ind1="0" ind2=" ">
    <subfield code="a">[1. Without special title] -- qism 2. al-Makhṭūṭāt al-adabīyah -- qism 3. al-Ṭibb, al-ṣaydalah, al-bayṭarah.</subfield>
  </datafield>
  <datafield tag="650" ind1=" " ind2="0">
    <subfield code="a">Manuscripts, Arabic</subfield>
    <subfield code="z">Iraq</subfield>
    <subfield code="z">Baghdad</subfield>
    <subfield code="v">Catalogs.</subfield>
  </datafield>
  <datafield tag="610" ind1="2" ind2="0">
    <subfield code="a">Matḥaf al-ʻIrāqī.</subfield>
    <subfield code="b">Maktabah</subfield>
    <subfield code="v">Catalogs.</subfield>
  </datafield>
  <datafield tag="955" ind1=" " ind2=" ">
    <subfield code="b">0315332993</subfield>
    <subfield code="d">glx</subfield>
    <subfield code="e">893.701 B146</subfield>
    <subfield code="v">v.1-3</subfield>
  </datafield>
</record>
</collection>